@inproceedings{ICASSP17,
  author    = {Lukas Mateju and
               Petr Cerva and
               Jindrich Zdansky and
               Jiri Malek},
  title     = {Speech Activity Detection in online broadcast transcription using
               Deep Neural Networks and Weighted Finite State Transducers},
  booktitle = {2017 {IEEE} International Conference on Acoustics, Speech and Signal
               Processing, {ICASSP} 2017, New Orleans, LA, USA, March 5-9, 2017},
  pages     = {5460--5464},
  year      = {2017},
  url       = {https://doi.org/10.1109/ICASSP.2017.7953200},
  doi       = {10.1109/ICASSP.2017.7953200},
  timestamp = {Fri, 23 Jun 2017 12:50:58 +0200},
  biburl    = {http://dblp.uni-trier.de/rec/bib/conf/icassp/MatejuCZM17},
  bibsource = {dblp computer science bibliography, http://dblp.org}
}

@inproceedings{TSD16,
  author    = {Marek Bohac and
               Lukas Mateju and
               Michal Rott and
               Radek Safarik},
  title     = {Automatic Syllabification and Syllable Timing of Automatically Recognized
               Speech - for Czech},
  booktitle = {Text, Speech, and Dialogue - 19th International Conference, {TSD}
               2016, Brno, Czech Republic, September 12-16, 2016, Proceedings},
  pages     = {540--547},
  year      = {2016},
  url       = {https://doi.org/10.1007/978-3-319-45510-5_62},
  doi       = {10.1007/978-3-319-45510-5_62},
  timestamp = {Thu, 25 May 2017 00:41:34 +0200},
  biburl    = {http://dblp.uni-trier.de/rec/bib/conf/tsd/BohacMRS16},
  bibsource = {dblp computer science bibliography, http://dblp.org}
}

@inproceedings{TSD17,
  author    = {Radek Safarik and
               Lukas Mateju},
  title     = {The Impact of Inaccurate Phonetic Annotations\\on Speech Recognition Performance},
  booktitle = {Text, Speech, and Dialogue - 20th International Conference, {TSD}
               2017, Prague, Czech Republic, August 27-31, 2017, Proceedings},
  pages     = {1--8},
  year      = {2017},
}

@inproceedings{SIGMAP16,
  author    = {Lukas Mateju and
               Petr Cerva and
               Jindrich Zdansky},
  title     = {Study on the Use of Deep Neural Networks for Speech Activity Detection
               in Broadcast Recordings},
  booktitle = {Proceedings of the 13th International Joint Conference on e-Business
               and Telecommunications {(ICETE} 2016) - Volume 5: SIGMAP, Lisbon,
               Portugal, July 26-28, 2016},
  pages     = {45--51},
  year      = {2016},
  url       = {https://doi.org/10.5220/0005952700450051},
  doi       = {10.5220/0005952700450051},
  timestamp = {Fri, 19 May 2017 01:26:12 +0200},
  biburl    = {http://dblp.uni-trier.de/rec/bib/conf/sigmap/MatejuCZ16},
  bibsource = {dblp computer science bibliography, http://dblp.org}
}

@inproceedings{SPRINGER17,
  author    = {Lukas Mateju and
               Petr Cerva and
               Jindrich Zdansky},
  title     = {Investigation into the Use of WFSTs and DNNs for Speech Activity Detection in Broadcast Data Transcription},
  booktitle = {E-Business and Telecommunications - 13th International Joint Conference,
               {ICETE} 2016, Lisbon, Portugal, July 26-28, 2016, Revised Selected Papers},
  pages     = {1--18},
  year      = {2017},
}

@inproceedings{TSP16,
  author    = {Radek Safarik and
               Lukas Mateju},
  title     = {Impact of Phonetic Annotation Precision on Automatic Speech Recognition
               Systems},
  booktitle = {39th International Conference on Telecommunications and Signal Processing,
               {TSP} 2016, Vienna, Austria, June 27-29, 2016},
  pages     = {311--314},
  year      = {2016},
  url       = {https://doi.org/10.1109/TSP.2016.7760886},
  doi       = {10.1109/TSP.2016.7760886},
  timestamp = {Sun, 21 May 2017 00:22:35 +0200},
  biburl    = {http://dblp.uni-trier.de/rec/bib/conf/tsp/SafarikM16},
  bibsource = {dblp computer science bibliography, http://dblp.org}
}

@inproceedings{ECMSM15, 
  author	= {Lukas Mateju and 
			   Petr Cerva and 
			   Jindrich Zdansky}, 
  title		= {Investigation into the Use of Deep Neural Networks for LVCSR of Czech}, 		
  booktitle	= {2015 IEEE International Workshop of Electronics, Control, Measurement, 
			   Signals and their Application to Mechatronics, {ECMSM}, 2015, Liberec, 
			   Czech Republic, June 22-24, 2015}, 
  pages     = {184-187},
  year		= {2015}, 
  doi		= {10.1109/ECMSM.2015.7208708}
}